<record><leader>00000cas a2200000 a 4500</leader><controlfield tag="001">10472761</controlfield><controlfield tag="008">840229d19111915ksuwr ne      0   a0eng d</controlfield><datafield ind1=" " ind2=" " tag="010"><subfield code="a">sn 84029039 </subfield></datafield><datafield ind1=" " ind2=" " tag="040"><subfield code="a">KSH</subfield><subfield code="b">eng</subfield><subfield code="c">KSH</subfield><subfield code="d">NPT</subfield><subfield code="d">OCL</subfield><subfield code="d">OCLCQ</subfield></datafield><datafield ind1=" " ind2=" " tag="042"><subfield code="a">msc</subfield></datafield><datafield ind1=" " ind2=" " tag="043"><subfield code="a">n-us-ks</subfield></datafield><datafield ind1="0" ind2="4" tag="245"><subfield code="a">The Dexter news.</subfield></datafield><datafield ind1=" " ind2=" " tag="260"><subfield code="a">Dexter, Kan. :</subfield><subfield code="b">W.R. Mauer,</subfield><subfield code="c">-1915.</subfield></datafield><datafield ind1=" " ind2=" " tag="300"><subfield code="a">v.</subfield></datafield><datafield ind1=" " ind2=" " tag="310"><subfield code="a">Weekly</subfield></datafield><datafield ind1="0" ind2=" " tag="362"><subfield code="a">-v. 4, no. 7 (May 28, 1915).</subfield></datafield><datafield ind1="1" ind2=" " tag="362"><subfield code="a">Began in 1911?</subfield></datafield><datafield ind1=" " ind2=" " tag="588"><subfield code="a">Description based on: Vol. 2, no. 53 (Apr. 3, 1914).</subfield></datafield><datafield ind1=" " ind2=" " tag="752"><subfield code="a">United States</subfield><subfield code="b">Kansas</subfield><subfield code="c">Cowley</subfield><subfield code="d">Dexter.</subfield></datafield><datafield ind1="0" ind2="7" tag="785"><subfield code="t">Dexter dispatch</subfield><subfield code="w">(DLC)sn 84029037</subfield></datafield><datafield ind1="0" ind2="7" tag="785"><subfield code="t">Dexter dispatch-news</subfield><subfield code="w">(DLC)sn 84029034</subfield></datafield><datafield ind1="1" ind2=" " tag="029"><subfield code="a">AU@</subfield><subfield code="b">000020416717</subfield></datafield></record>